% File: bibliografia.bib

@book{Lucier1995,
  author    = {Lucier, A.},
  title     = {Reflexionen: Interviews, Notationen, Texte},
  publisher = {Edition MusikTexte},
  year      = {1995},
  address   = {KÃ¶ln},
  note      = {544 pp.},
}

@book{Lucier2012,
  author    = {Lucier, A.},
  title     = {Music 109: Notes on Experimental Music},
  publisher = {Wesleyan University Press},
  year      = {2012},
  address   = {Middletown (CT)},
}

@book{LucierSimon1980,
  author    = {Lucier, A. and Simon, D.},
  title     = {Chambers: Scores and Interviews},
  publisher = {Wesleyan University Press},
  year      = {1980},
  address   = {Middletown (CT)},
}

@book{Davis2003,
  author    = {Davis, R.},
  title     = {{... and what they do as they're going...": sounding space in the work of Alvin Lucier}},
  publisher = {Cambridge University Press},
  year      = {2003},
  address   = {Cambridge},
}

@article{DiScipio2005,
  author    = {Di Scipio, A.},
  title     = {{Per una crisi dell'elettronica dal vivo. "I am sitting in a room" di Alvin Lucier}},
  journal   = {Rivista di Analisi e Teoria Musicale},
  year      = {2005},
  volume    = {XII},
  number    = {1/2},
  pages     = {111-134},
  publisher = {LIM},
  address   = {Lucca},
}

@book{GalanteSani2000,
  author    = {Galante, F. and Sani, N.},
  title     = {Musica espansa},
  publisher = {LIM/Ricordi},
  year      = {2000},
  address   = {Lucca/Milano},
}

@article{Kahn2009,
  author  = {Kahn, D.},
  title   = {{Alvin Lucier: "I Am Sitting in a Room", Immersed and Propagated}},
  journal = {Leonardo Music Journal},
  year    = {2009},
  volume  = {19},
  pages   = {65-66},
}


% --- SITOGRAFIA ---

@online{Lucier1994online,
  author  = {Lucier, A.},
  title   = {Thoughts on installations, SYMPOSIUM TEXTE, ALVIN LUCIERq},
  year    = {1994},
  url     = {http://www.kunstradio.at/ZEITGLEICH/},
  urldate = {2025-07-05},
}
